%!TEX root = main.tex

@article{duraes2006emulation,
  title={Emulation of software faults: A field data study and a practical approach},
  author={Duraes, Joao A and Madeira, Henrique S},
  journal={Software Engineering, IEEE Transactions on},
  volume={32},
  number={11},
  pages={849--867},
  year={2006},
  publisher={IEEE}
}

@article{duraes2005thesis,
  title={Faultloads baseadas em falhas de software para testes padronizados de confiabilidade},
  author={Duraes, Joao A},
  journal={Thesis},
  pages={0--269},
  year={2005},
  publisher={UC}
}

@article{avizzienisbasic,
  title={Basic Concepts and Taxonomy of Dependable and Secure Computing},
  author={Avizzienis, Algirdas and Laprie, Jean-Claude and Randell, Brian and Landwehr, Carl}
}

@inproceedings{madeira2000emulation,
  title={On the emulation of software faults by software fault injection},
  author={Madeira, Henrique and Costa, Diamantino and Vieira, Marco},
  booktitle={Dependable Systems and Networks, 2000. DSN 2000. Proceedings International Conference on},
  pages={417--426},
  year={2000},
  organization={IEEE}
}

@article{bridge1998orthogonal,
  title={Orthogonal defect classification using defect data to improve software development},
  author={Bridge, Norm and Miller, Corinne},
  journal={Software Quality},
  volume={3},
  number={1},
  pages={1--8},
  year={1998},
  publisher={Citeseer}
}

@article{mell2011nist,
  title={The NIST definition of cloud computing},
  author={Mell, Peter and Grance, Tim},
  year={2011},
  publisher={Computer Security Division, Information Technology Laboratory, National Institute of Standards and Technology Gaithersburg}
}

@book{chillarege2004orthogonal,
  title={Orthogonal Defect Classification},
  author={Chillarege, Ram},
  year={2004},
  publisher={Handbook of Software Reliability Engineering, ed. Michael R. Lyu (Los Alamitos, CA: IEEE Computer Science Press}
}
@book{lyu1996handbook,
  chapter={Chapter 9: Orthogonal Defect Classifcation},
  title={Handbook of software reliability engineering},
  author={Lyu, Michael R and others},
  volume={222},
  year={1996},
  publisher={IEEE computer society press CA}
}

@book{schouten2013ibm,
  title={IBM{\textregistered} SmartCloud{\textregistered} Essentials},
  author={Schouten, Edwin},
  year={2013},
  publisher={Packt Publishing Ltd}
}


@inproceedings{koopman1997comparing,
  title={Comparing operating systems using robustness benchmarks},
  author={Koopman, Philip and Sung, John and Dingman, Christopher and Siewiorek, Daniel and Marz, Ted},
  booktitle={Reliable Distributed Systems, 1997. Proceedings., The Sixteenth Symposium on},
  pages={72--79},
  year={1997},
  organization={IEEE}
}

@inproceedings{regina2003jaca,
  title={Jacaâ€”a software fault injection tool},
  author={Regina, L and Martins, Eliane and others},
  booktitle={null},
  pages={667},
  year={2003},
  organization={IEEE}
}

@inproceedings{martins2002jaca,
  title={Jaca: A reflective fault injection tool based on patterns},
  author={Martins, Eliane and Rubira, Cecilia MF and Leme, Nelson GM},
  booktitle={Dependable Systems and Networks, 2002. DSN 2002. Proceedings. International Conference on},
  pages={483--487},
  year={2002},
  organization={IEEE}
}

@inproceedings{sanches2011j,
  title={J-SWFIT: A java software fault injection tool},
  author={Sanches, Bruno Pacheco and Basso, T{\^a}nia and Moraes, Regina},
  booktitle={Dependable Computing (LADC), 2011 5th Latin-American Symposium on},
  pages={106--115},
  year={2011},
  organization={IEEE}
}

@book{wolter2012resilience,
  title={Resilience assessment and evaluation of computing systems},
  author={Wolter, Katinka and Avritzer, Alberto and Vieira, Marco and van Moorsel, Aad},
  year={2012},
  publisher={Springer}
}

@misc{_gs_managing_thesis,
  title = "GS Managing Your Thesis",
  howpublished = "\url{https://www.scribd.com/doc/243445171/GS-ManagingYourThesis}",
  abstract = "Thesis management",
  journal = "Scribd",
  note = "@05-July-2015"
}
  urldate = {2015-07-05TZ},
  url = {https://www.scribd.com/doc/243445171/GS-ManagingYourThesis},

------------------ ONLINE ------------------
misc{ wiki:xsx,
   author = "Wikipedia",
   title = "LaTeX --- Wikipedia{,} The Free Encyclopedia",
   year = "2015",
   url = "http://en.wikipedia.org/w/index.php?title=LaTeX&oldid=413720397",
   note = "@3-February-2015"
 }
